
@inproceedings{machado2002multi,
  title={Multi-agent patrolling: An empirical analysis of alternative architectures},
  author={Machado, Aydano and Ramalho, Geber and Zucker, Jean-Daniel and Drogoul, Alexis},
  booktitle={International Workshop on Multi-Agent Systems and Agent-Based Simulation},
  pages={155--170},
  year={2002},
  organization={Springer}
}

@inproceedings{collins2013optimal,
  title={Optimal patrolling of fragmented boundaries},
  author={Collins, Andrew and Czyzowicz, Jurek and Gasieniec, Leszek and Kosowski, Adrian and Kranakis, Evangelos and Krizanc, Danny and Martin, Russell and Morales Ponce, Oscar},
  booktitle={Proceedings of the twenty-fifth annual ACM symposium on Parallelism in algorithms and architectures},
  pages={241--250},
  year={2013},
  organization={ACM}
}

@inproceedings{czyzowicz2011boundary,
  title={Boundary Patrolling by Mobile Agents with Distinct Maximal Speeds.},
  author={Czyzowicz, Jurek and Gasieniec, Leszek and Kosowski, Adrian and Kranakis, Evangelos},
  booktitle={ESA},
  pages={701--712},
  year={2011},
  organization={Springer}
}

@article{dumitrescu2014fence,
  title={On fence patrolling by mobile agents},
  author={Dumitrescu, Adrian and Ghosh, Anirban and T{\'o}th, Csaba D},
  journal={arXiv preprint arXiv:1401.6070},
  year={2014}
}

@article{kawamura2015fence,
  title={Fence patrolling by mobile agents with distinct speeds},
  author={Kawamura, Akitoshi and Kobayashi, Yusuke},
  journal={Distributed Computing},
  volume={28},
  number={2},
  pages={147--154},
  year={2015},
  publisher={Springer}
}

@article{brazdil2015strategy,
  title={Strategy synthesis in adversarial patrolling games},
  author={Br{\'a}zdil, Tom{\'a}{\v{s}} and Hlin{\v{e}}n{\`y}, Petr and Ku{\v{c}}era, Anton{\'\i}n and {\v{R}}eh{\'a}k, Vojt{\v{e}}ch and Abaffy, Mat{\'u}{\v{s}}},
  journal={arXiv preprint arXiv:1507.03407},
  year={2015}
}

@article{alpern2011patrolling,
  title={Patrolling games},
  author={Alpern, Steve and Morton, Alec and Papadaki, Katerina},
  journal={Operations research},
  volume={59},
  number={5},
  pages={1246--1257},
  year={2011},
  publisher={INFORMS}
}

@article{papadaki2016patrolling,
  title={Patrolling a border},
  author={Papadaki, Katerina and Alpern, Steve and Lidbetter, Thomas and Morton, Alec},
  journal={Operations Research},
  volume={64},
  number={6},
  pages={1256--1269},
  year={2016},
  publisher={INFORMS}
}
