@article{coene2011charlemagne,
  title={Charlemagne's challenge: the periodic latency problem},
  author={Coene, Sofie and Spieksma, Frits CR and Woeginger, Gerhard J},
  journal={Operations research},
  volume={59},
  number={3},
  pages={674--683},
  year={2011},
  publisher={INFORMS}
}

@article{coene2013balancing,
  title={Balancing profits and costs on trees},
  author={Coene, Sofie and Filippi, Carlo and Spieksma, Frits CR and Stevanato, Elisa},
  journal={Networks},
  volume={61},
  number={3},
  pages={200--211},
  year={2013},
  publisher={Wiley Online Library}
}

