

@inproceedings{chen2013fence,
  title={On Fence Patrolling by Mobile Agents.},
  author={Chen, Ke and Dumitrescu, Adrian and Ghosh, Anirban},
  booktitle={CCCG},
  year={2013}
}
@article{coene2011charlemagne,
  title={Charlemagne's challenge: the periodic latency problem},
  author={Coene, Sofie and Spieksma, Frits CR and Woeginger, Gerhard J},
  journal={Operations research},
  volume={59},
  number={3},
  pages={674--683},
  year={2011},
  publisher={INFORMS}
}


@inproceedings{machado2002multi,
  title={Multi-agent patrolling: An empirical analysis of alternative architectures},
  author={Machado, Aydano and Ramalho, Geber and Zucker, Jean-Daniel and Drogoul, Alexis},
  booktitle={International Workshop on Multi-Agent Systems and Agent-Based Simulation},
  pages={155--170},
  year={2002},
  organization={Springer}
}

@inproceedings{collins2013optimal,
  title={Optimal patrolling of fragmented boundaries},
  author={Collins, Andrew and Czyzowicz, Jurek and Gasieniec, Leszek and Kosowski, Adrian and Kranakis, Evangelos and Krizanc, Danny and Martin, Russell and Morales Ponce, Oscar},
  booktitle={Proceedings of the twenty-fifth annual ACM symposium on Parallelism in algorithms and architectures},
  pages={241--250},
  year={2013},
  organization={ACM}
}

@inproceedings{czyzowicz2011boundary,
  title={Boundary Patrolling by Mobile Agents with Distinct Maximal Speeds.},
  author={Czyzowicz, Jurek and Gasieniec, Leszek and Kosowski, Adrian and Kranakis, Evangelos},
  booktitle={ESA},
  pages={701--712},
  year={2011},
  organization={Springer}
}
@inproceedings{kawamura2015simple,
  title={Simple strategies versus optimal schedules in multi-agent patrolling},
  author={Kawamura, Akitoshi and Soejima, Makoto},
  booktitle={International Conference on Algorithms and Complexity},
  pages={261--273},
  year={2015},
  organization={Springer}
}


% sec.4. 素数列挙の計算量
@article{agrawal2004primes,
  title={PRIMES is in P},
  author={Agrawal, Manindra and Kayal, Neeraj and Saxena, Nitin},
  journal={Annals of mathematics},
  pages={781--793},
  year={2004},
  publisher={JSTOR}
}

% sec.4. 素数列挙の計算量
@article{dusart1999k,
  title={The $k$ th prime is greater than $k (\ln k + \ln \ln k - 1)$ for $k \geq 2$},
  author={Dusart, Pierre},
  journal={Mathematics of Computation},
  pages={411--415},
  year={1999},
  publisher={JSTOR}
}



@article{dumitrescu2014fence,
  title={On fence patrolling by mobile agents},
  author={Dumitrescu, Adrian and Ghosh, Anirban and T{\'o}th, Csaba D},
  journal={arXiv preprint arXiv:1401.6070},
  year={2014}
}

@article{kawamura2015fence,
  title={Fence patrolling by mobile agents with distinct speeds},
  author={Kawamura, Akitoshi and Kobayashi, Yusuke},
  journal={Distributed Computing},
  volume={28},
  number={2},
  pages={147--154},
  year={2015},
  publisher={Springer}
}

@article{brazdil2015strategy,
  title={Strategy synthesis in adversarial patrolling games},
  author={Br{\'a}zdil, Tom{\'a}{\v{s}} and Hlin{\v{e}}n{\`y}, Petr and Ku{\v{c}}era, Anton{\'\i}n and {\v{R}}eh{\'a}k, Vojt{\v{e}}ch and Abaffy, Mat{\'u}{\v{s}}},
  journal={arXiv preprint arXiv:1507.03407},
  year={2015}
}

@article{alpern2011patrolling,
  title={Patrolling games},
  author={Alpern, Steve and Morton, Alec and Papadaki, Katerina},
  journal={Operations research},
  volume={59},
  number={5},
  pages={1246--1257},
  year={2011},
  publisher={INFORMS}
}

@article{papadaki2016patrolling,
  title={Patrolling a border},
  author={Papadaki, Katerina and Alpern, Steve and Lidbetter, Thomas and Morton, Alec},
  journal={Operations Research},
  volume={64},
  number={6},
  pages={1256--1269},
  year={2016},
  publisher={INFORMS}
}

@article{Dumitrescu:2014:CGC:2636805.2636822,
 author = {Dumitrescu, Adrian and T\'{o}th, Csaba D.},
 title = {Computational Geometry Column 59},
 journal = {SIGACT News},
 issue_date = {June 2014},
 volume = {45},
 number = {2},
 month = jun,
 year = {2014},
 issn = {0163-5700},
 pages = {68--72},
 numpages = {5},
 url = {http://doi.acm.org/10.1145/2636805.2636822},
 doi = {10.1145/2636805.2636822},
 acmid = {2636822},
 publisher = {ACM},
 address = {New York, NY, USA},
 keywords = {approximation algorithm, fence patrolling, idle time, mobile agents, runners},
}
