
@article{coene2013balancing,
  title={Balancing profits and costs on trees},
  author={Coene, Sofie and Filippi, Carlo and Spieksma, Frits CR and Stevanato, Elisa},
  journal={Networks},
  volume={61},
  number={3},
  pages={200--211},
  year={2013},
  publisher={Wiley Online Library}
}

@article{dusart1999k,
  title={The $k$ th prime is greater than $k (\ln k + \ln \ln k - 1)$ for $k \geq 2$},
  author={Dusart, Pierre},
  journal={Mathematics of Computation},
  pages={411--415},
  year={1999},
  publisher={JSTOR}
}

@article{agrawal2004primes,
  title={PRIMES is in P},
  author={Agrawal, Manindra and Kayal, Neeraj and Saxena, Nitin},
  journal={Annals of mathematics},
  pages={781--793},
  year={2004},
  publisher={JSTOR}
}



%%% patrol_s.pdf

% 1
@inproceedings{chen2013fence,
  title={On Fence Patrolling by Mobile Agents.},
  author={Chen, Ke and Dumitrescu, Adrian and Ghosh, Anirban},
  booktitle={CCCG},
  year={2013}
}


% 2
@inproceedings{chevaleyre2004theoretical,
  title={Theoretical analysis of the multi-agent patrolling problem},
  author={Chevaleyre, Yann},
  booktitle={Intelligent Agent Technology, 2004.(IAT 2004). Proceedings. IEEE/WIC/ACM International Conference on},
  pages={302--308},
  year={2004},
  organization={IEEE}
}


% 3
@inproceedings{collins2013optimal,
  title={Optimal patrolling of fragmented boundaries},
  author={Collins, Andrew and Czyzowicz, Jurek and Gasieniec, Leszek and Kosowski, Adrian and Kranakis, Evangelos and Krizanc, Danny and Martin, Russell and Morales Ponce, Oscar},
  booktitle={Proceedings of the twenty-fifth annual ACM symposium on Parallelism in algorithms and architectures},
  pages={241--250},
  year={2013},
  organization={ACM}
}


% 4
@article{coene2011charlemagne,
  title={Charlemagne's challenge: the periodic latency problem},
  author={Coene, Sofie and Spieksma, Frits CR and Woeginger, Gerhard J},
  journal={Operations research},
  volume={59},
  number={3},
  pages={674--683},
  year={2011},
  publisher={INFORMS}
}


% 5
@inproceedings{czyzowicz2014beachcombers,
  title={The beachcombersâ€™ problem: Walking and searching with mobile robots},
  author={Czyzowicz, Jurek and G{k{a}}sieniec, Leszek and Georgiou, Konstantinos and Kranakis, Evangelos and MacQuarrie, Fraser},
  booktitle={International Colloquium on Structural Information and Communication Complexity},
  pages={23--36},
  year={2014},
  organization={Springer}
}


% 6
@inproceedings{czyzowicz2011boundary,
  title={Boundary patrolling by mobile agents with distinct maximal speeds},
  author={Czyzowicz, Jurek and G{k{a}}sieniec, Leszek and Kosowski, Adrian and Kranakis, Evangelos},
  booktitle={European Symposium on Algorithms},
  pages={701--712},
  year={2011},
  organization={Springer}
}


% 7
@inproceedings{czyzowicz2014patrolling,
  title={Patrolling by robots equipped with visibility},
  author={Czyzowicz, Jurek and Kranakis, Evangelos and Pajak, Dominik and Taleb, Najmeh},
  booktitle={International Colloquium on Structural Information and Communication Complexity},
  pages={224--234},
  year={2014},
  organization={Springer}
}


% 8
@article{dumitrescu2014fence,
  title={On fence patrolling by mobile agents},
  author={Dumitrescu, Adrian and Ghosh, Anirban and T{\'o}th, Csaba D},
  journal={arXiv preprint arXiv:1401.6070},
  year={2014}
}


% 9
@article{dumitrescu2014computational,
  title={Computational geometry column 59},
  author={Dumitrescu, Adrian and T{\'o}th, Csaba D},
  journal={ACM SIGACT News},
  volume={45},
  number={2},
  pages={68--72},
  year={2014},
  publisher={ACM}
}


% 10
@inproceedings{elmaliach2008realistic,
  title={A realistic model of frequency-based multi-robot polyline patrolling},
  author={Elmaliach, Yehuda and Shiloni, Asaf and Kaminka, Gal A},
  booktitle={Proceedings of the 7th international joint conference on Autonomous agents and multiagent systems-Volume 1},
  pages={63--70},
  year={2008},
  organization={International Foundation for Autonomous Agents and Multiagent Systems}
}


% 11
@article{gorain2014approximation,
  title={Approximation algorithms for sweep coverage in wireless sensor networks},
  author={Gorain, Barun and Mandal, Partha Sarathi},
  journal={Journal of Parallel and Distributed Computing},
  volume={74},
  number={8},
  pages={2699--2707},
  year={2014},
  publisher={Elsevier}
}


% 12
@article{kawamura2015fence,
  title={Fence patrolling by mobile agents with distinct speeds},
  author={Kawamura, Akitoshi and Kobayashi, Yusuke},
  journal={Distributed Computing},
  volume={28},
  number={2},
  pages={147--154},
  year={2015},
  publisher={Springer}
}

% 13
@inproceedings{kawamura2015simple,
  title={Simple strategies versus optimal schedules in multi-agent patrolling},
  author={Kawamura, Akitoshi and Soejima, Makoto},
  booktitle={International Conference on Algorithms and Complexity},
  pages={261--273},
  year={2015},
  organization={Springer}
}


% 14
@inproceedings{pasqualetti2010optimal,
  title={On optimal cooperative patrolling},
  author={Pasqualetti, Fabio and Franchi, Antonio and Bullo, Francesco},
  booktitle={49th IEEE Conference on Decision and Control (CDC)},
  pages={7153--7158},
  year={2010},
  organization={IEEE}
}


% 15
@article{yanovski2003distributed,
  title={A distributed ant algorithm for$\backslash$ protect efficiently patrolling a network},
  author={Yanovski, Vladimir and Wagner, Israel A and Bruckstein, Alfred M},
  journal={Algorithmica},
  volume={37},
  number={3},
  pages={165--186},
  year={2003},
  publisher={Springer}
}