@inproceedings{czyzowicz2011boundary,
  title={Boundary Patrolling by Mobile Agents with Distinct Maximal Speeds.},
  author={Czyzowicz, Jurek and Gasieniec, Leszek and Kosowski, Adrian and Kranakis, Evangelos},
  booktitle={ESA},
  pages={701--712},
  year={2011},
  organization={Springer}
}


@article{coene2011charlemagne,
  title={Charlemagne's challenge: the periodic latency problem},
  author={Coene, Sofie and Spieksma, Frits C.R. and Woeginger, Gerhard J.},
  journal={Operations Research},
  volume={59},
  number={3},
  pages={674--683},
  year={2011},
  publisher={INFORMS}
}

